% Notas Imporantes:
% Poner una diagonal investida antes de los siguientes caracteres: #, $, %, ^, &, {, }, ~, [, ], <, >, _
% Caso Particuloar: Diagonal Invertida (\) sustituir por (\textbackslash) y dejar un espacio
% Ver enlace:

@misc{Sistema:2018:Ivan,
author = {Ivan Garcia},
title = {¿Que es un sistema de información?-Definición de sistema de información},
year = {2018},
howpublished = "\url{https://www.emprendepyme.net/que-es-un-sistema-de-informacion.html}",
urldate = {28-11-2018}
}

@misc{Sistema:2016:Senso,
author = {Jose A. Senso.},
year = {2016},
title = {Los sistemas de informacion basados en la web – Tecnologias web para
servicios de informacion.},
howpublished = "\url{https://www.emprendepyme.net/que-es-un-sistema-de-informacion.html}",
urldate = {28-11-2016}
}

@misc{DSS:2018:Concepto,
author = {Jose},
year = {2018},
title = {Sistema de information - Concepto, tipos, elementos y ejemplos},
howpublished = "\url{https://concepto.de/sistema-de-informacion/}",
}

@misc{neurikblog:2018:Concepto,
author = {neurikblog},
year = {2018},
title = {Ventajas y desventajas de un sistema web a la medida — Neurik - Sistemas y Gestión},
howpublished = "\url{https://www.neurik.com/blog/2018/04/10/ventajas-y-desventajas-de-implementar-un-sistema-web-a-la-medida-en-tu-negocio/}",
}

@misc{Yeeply:2020:Concepto,
author = {Yeeply},
year = {2020},
title = {Desarrollo de aplicaciones web: 5 tipos que debes conocer.},
howpublished = "\url{https://www.yeeply.com/blog/6-tipos-desarrollo-de-aplicaciones-web/}",
}

@misc{AnnaPerez:2016:Concepto,
author = {Anna Perez},
year = {2016},
title = {Pros y contras de la metodología en cascada — OBS Business School},
howpublished = "\url{https://www.obsbusiness.school/blog/pros-y-contras-de-la-metodologia-en-cascada}",
}

@misc{Microsoft:Concepto,
author = {Microsoft},
year = {2016},
title = {Visual Studio Code - Code Editing. Redefined.},
howpublished = "\url{https://code.visualstud
io.com/.}",
}